@Book{MITAlgorithms,
author = {Cormen and Leiserson and Rivest and Stein},
title = {An introduction to algorithms},
publisher = {MIT press},
year = {2009},
edition = {3rd},
month = {July}
}


@Article{HarrisRoss,
author = {T.E. Harris and F.S. Ross},
title = {Fundamentals of a Method for Evaluating Rail Net Capacities},
year = {1955}
}

@PhdThesis{Rietveld,
author = {K.F.D. Rietveld},
title = {A Versatile Tuple-Based Optimization Framework},
school = {Leiden University},
year = {2014}
}

